<?xml version="1.0" encoding="UTF-8"?><collection xmlns="http://www.loc.gov/MARC21/slim"><record><leader>00436nam--2200133-i-4500</leader><controlfield tag="001">000039985</controlfield><controlfield tag="002">20161230</controlfield><controlfield tag="005">20161230201042</controlfield><controlfield tag="008">060222s1000------------r-----000-0-eng-d</controlfield><datafield ind1=" " ind2=" " tag="080"><subfield code="a">669.018(043):538.995</subfield></datafield><datafield ind1=" " ind2=" " tag="100"><subfield code="a">Sadoc,Jean-francois</subfield></datafield><datafield ind1=" " ind2=" " tag="245"><subfield code="a">Etude de la structure et de quelques proprietes magnetiques des alliages metalliques amorphes. these</subfield></datafield><datafield ind1=" " ind2=" " tag="260"><subfield code="a">Paris, Orsay, L`Univ.Paris-sud, Centre D`Orsay, 1976. 92 P</subfield></datafield><datafield ind1=" " ind2=" " tag="852"><subfield code="a">44155</subfield></datafield></record></collection>